@article{blaschko2008learning,
  title={Learning to Localize Objects with Structured Output Regression.},
  author={Blaschko, Matthew B and Lampert, Christoph H},
  journal={ECCV (1)},
  volume={5302},
  pages={2--15},
  year={2008}
}
@inproceedings{bourdev2009poselets,
  title={Poselets: Body part detectors trained using 3d human pose annotations},
  author={Bourdev, Lubomir and Malik, Jitendra},
  booktitle={2009 IEEE 12th International Conference on Computer Vision},
  pages={1365--1372},
  year={2009},
  organization={IEEE}
}
@misc{cai2015crossdepiction,
      title={The Cross-Depiction Problem: Computer Vision Algorithms for Recognising Objects in Artwork and in Photographs}, 
      author={Hongping Cai and Qi Wu and Tadeo Corradi and Peter Hall},
      year={2015},
      eprint={1505.00110},
      archivePrefix={arXiv},
      primaryClass={cs.CV}
}
@inproceedings{dalal2005histograms,
  title={Histograms of oriented gradients for human detection},
  author={Dalal, Navneet and Triggs, Bill},
  booktitle={2005 IEEE computer society conference on computer vision and pattern recognition (CVPR'05)},
  volume={1},
  pages={886--893},
  year={2005},
  organization={Ieee}
}
@inproceedings{dean2013fast,
  title={Fast, accurate detection of 100,000 object classes on a single machine},
  author={Dean, Thomas and Ruzon, Mark A and Segal, Mark and Shlens, Jonathon and Vijayanarasimhan, Sudheendra and Yagnik, Jay},
  booktitle={Proceedings of the IEEE Conference on Computer Vision and Pattern Recognition},
  pages={1814--1821},
  year={2013}
}
@inproceedings{donahue2014decaf,
  title={Decaf: A deep convolutional activation feature for generic visual recognition},
  author={Donahue, Jeff and Jia, Yangqing and Vinyals, Oriol and Hoffman, Judy and Zhang, Ning and Tzeng, Eric and Darrell, Trevor},
  booktitle={International conference on machine learning},
  pages={647--655},
  year={2014},
  organization={PMLR}
}
@inproceedings{dong2014towards,
  title={Towards unified object detection and semantic segmentation},
  author={Dong, Jian and Chen, Qiang and Yan, Shuicheng and Yuille, Alan},
  booktitle={Computer Vision--ECCV 2014: 13th European Conference, Zurich, Switzerland, September 6-12, 2014, Proceedings, Part V 13},
  pages={299--314},
  year={2014},
  organization={Springer}
}
@inproceedings{erhan2014scalable,
  title={Scalable object detection using deep neural networks},
  author={Erhan, Dumitru and Szegedy, Christian and Toshev, Alexander and Anguelov, Dragomir},
  booktitle={Proceedings of the IEEE conference on computer vision and pattern recognition},
  pages={2147--2154},
  year={2014}
}
@article{everingham2015pascal,
  title={The pascal visual object classes challenge: A retrospective},
  author={Everingham, Mark and Eslami, SM Ali and Van Gool, Luc and Williams, Christopher KI and Winn, John and Zisserman, Andrew},
  journal={International journal of computer vision},
  volume={111},
  pages={98--136},
  year={2015},
  publisher={Springer}
}
@article{felzenszwalb2009object,
  title={Object detection with discriminatively trained part-based models},
  author={Felzenszwalb, Pedro F and Girshick, Ross B and McAllester, David and Ramanan, Deva},
  journal={IEEE transactions on pattern analysis and machine intelligence},
  volume={32},
  number={9},
  pages={1627--1645},
  year={2009},
  publisher={IEEE}
}
@inproceedings{gidaris2015object,
  title={Object detection via a multi-region and semantic segmentation-aware cnn model},
  author={Gidaris, Spyros and Komodakis, Nikos},
  booktitle={Proceedings of the IEEE international conference on computer vision},
  pages={1134--1142},
  year={2015}
}
@article{ginosar2015detecting,
  title={Detecting people in cubist art},
  author={Ginosar, Shiry and Haas, Daniel and Brown, Timothy and Malik, Jitendra},
  journal={AI Matters},
  volume={1},
  number={3},
  pages={16--18},
  year={2015},
  publisher={ACM New York, NY, USA}
}
@inproceedings{girshick2014rich,
  title={Rich feature hierarchies for accurate object detection and semantic segmentation},
  author={Girshick, Ross and Donahue, Jeff and Darrell, Trevor and Malik, Jitendra},
  booktitle={Proceedings of the IEEE conference on computer vision and pattern recognition},
  pages={580--587},
  year={2014}
}
@article{girshick2015fast,
  title={Fast R-CNN. CoRR, abs/1504.08083},
  author={Girshick, RB},
  journal={arXiv preprint arXiv:1504.08083},
  year={2015}
}
@article{gould2009region,
  title={Region-based segmentation and object detection},
  author={Gould, Stephen and Gao, Tianshi and Koller, Daphne},
  journal={Advances in neural information processing systems},
  volume={22},
  year={2009}
}
@inproceedings{hariharan2014simultaneous,
  title={Simultaneous detection and segmentation},
  author={Hariharan, Bharath and Arbel{\'a}ez, Pablo and Girshick, Ross and Malik, Jitendra},
  booktitle={Computer Vision--ECCV 2014: 13th European Conference, Zurich, Switzerland, September 6-12, 2014, Proceedings, Part VII 13},
  pages={297--312},
  year={2014},
  organization={Springer}
}
@article{he2015spatial,
  title={Spatial pyramid pooling in deep convolutional networks for visual recognition},
  author={He, Kaiming and Zhang, Xiangyu and Ren, Shaoqing and Sun, Jian},
  journal={IEEE transactions on pattern analysis and machine intelligence},
  volume={37},
  number={9},
  pages={1904--1916},
  year={2015},
  publisher={IEEE}
}
@article{hinton2012improving,
  title={Improving neural networks by preventing co-adaptation of feature detectors},
  author={Hinton, Geoffrey E and Srivastava, Nitish and Krizhevsky, Alex and Sutskever, Ilya and Salakhutdinov, Ruslan R},
  journal={arXiv preprint arXiv:1207.0580},
  year={2012}
}
@inproceedings{hoiem2012diagnosing,
  title={Diagnosing error in object detectors.},
  author={Hoiem, Derek and Chodpathumwan, Yodsawalai and Dai, Qieyun},
  booktitle={ECCV (3)},
  pages={340--353},
  year={2012}
}
@article{lenc2015r,
  title={R-cnn minus r},
  author={Lenc, Karel and Vedaldi, Andrea},
  journal={arXiv preprint arXiv:1506.06981},
  year={2015}
}
@inproceedings{lienhart2002extended,
  title={An extended set of haar-like features for rapid object detection},
  author={Lienhart, Rainer and Maydt, Jochen},
  booktitle={Proceedings. international conference on image processing},
  volume={1},
  pages={I--I},
  year={2002},
  organization={IEEE}
}
@inproceedings{hoffer2015deep,
  title={Deep metric learning using triplet network},
  author={Hoffer, Elad and Ailon, Nir},
  booktitle={Similarity-Based Pattern Recognition: Third International Workshop, SIMBAD 2015, Copenhagen, Denmark, October 12-14, 2015. Proceedings 3},
  pages={84--92},
  year={2015},
  organization={Springer}
}
@inproceedings{lowe1999object,
  title={Object recognition from local scale-invariant features},
  author={Lowe, David G},
  booktitle={Proceedings of the seventh IEEE international conference on computer vision},
  volume={2},
  pages={1150--1157},
  year={1999},
  organization={Ieee}
}
@misc{caffe2015models,
  title={Models accuracy on imagenet 2012 val},
  author={Caffe, BVLC},
  year={2015}
}
@inproceedings{papageorgiou1998general,
  title={A general framework for object detection},
  author={Papageorgiou, Constantine P and Oren, Michael and Poggio, Tomaso},
  booktitle={Sixth International Conference on Computer Vision (IEEE Cat. No. 98CH36271)},
  pages={555--562},
  year={1998},
  organization={IEEE}
}
@inproceedings{rastegari2016xnor,
  title={Xnor-net: Imagenet classification using binary convolutional neural networks},
  author={Rastegari, Mohammad and Ordonez, Vicente and Redmon, Joseph and Farhadi, Ali},
  booktitle={Computer Vision--ECCV 2016: 14th European Conference, Amsterdam, The Netherlands, October 11--14, 2016, Proceedings, Part IV},
  pages={525--542},
  year={2016},
  organization={Springer}
}
@inproceedings{redmon2015real,
  title={Real-time grasp detection using convolutional neural networks},
  author={Redmon, Joseph and Angelova, Anelia},
  booktitle={2015 IEEE international conference on robotics and automation (ICRA)},
  pages={1316--1322},
  year={2015},
  organization={IEEE}
}
@article{ren2015faster,
  title={Faster r-cnn: Towards real-time object detection with region proposal networks},
  author={Ren, Shaoqing and He, Kaiming and Girshick, Ross and Sun, Jian},
  journal={Advances in neural information processing systems},
  volume={28},
  year={2015}
}
@article{ren2016object,
  title={Object detection networks on convolutional feature maps},
  author={Ren, Shaoqing and He, Kaiming and Girshick, Ross and Zhang, Xiangyu and Sun, Jian},
  journal={IEEE transactions on pattern analysis and machine intelligence},
  volume={39},
  number={7},
  pages={1476--1481},
  year={2016},
  publisher={IEEE}
}
@article{russakovsky2015imagenet,
  title={Imagenet large scale visual recognition challenge},
  author={Russakovsky, Olga and Deng, Jia and Su, Hao and Krause, Jonathan and Satheesh, Sanjeev and Ma, Sean and Huang, Zhiheng and Karpathy, Andrej and Khosla, Aditya and Bernstein, Michael and others},
  journal={International journal of computer vision},
  volume={115},
  pages={211--252},
  year={2015},
  publisher={Springer}
}
@inproceedings{sadeghi201430hz,
  title={30hz object detection with dpm v5},
  author={Sadeghi, Mohammad Amin and Forsyth, David},
  booktitle={Computer Vision--ECCV 2014: 13th European Conference, Zurich, Switzerland, September 6-12, 2014, Proceedings, Part I 13},
  pages={65--79},
  year={2014},
  organization={Springer}
}
@article{sermanet2013overfeat,
  title={Overfeat: Integrated recognition, localization and detection using convolutional networks},
  author={Sermanet, Pierre and Eigen, David and Zhang, Xiang and Mathieu, Micha{\"e}l and Fergus, Rob and LeCun, Yann},
  journal={arXiv preprint arXiv:1312.6229},
  year={2013}
}
@article{shen2014more,
  title={Do more dropouts in pool5 feature maps for better object detection},
  author={Shen, Zhiqiang and Xue, Xiangyang},
  journal={arXiv preprint arXiv:1409.6911},
  year={2014}
}
@inproceedings{yeager2015digits,
  title={Digits: the deep learning gpu training system},
  author={Yeager, Luke and Bernauer, Julie and Gray, Allison and Houston, Michael},
  booktitle={ICML 2015 AutoML Workshop},
  pages={1--4},
  year={2015}
}
@article{uijlings2013selective,
  title={Selective search for object recognition},
  author={Uijlings, Jasper RR and Van De Sande, Koen EA and Gevers, Theo and Smeulders, Arnold WM},
  journal={International journal of computer vision},
  volume={104},
  pages={154--171},
  year={2013},
  publisher={Springer}
}
@article{viola2001robust,
  title={Robust real-time object detection [J]},
  author={Viola, Paul and Jones, Michael},
  journal={International journal of computer vision},
  volume={4},
  pages={34--47},
  year={2001}
}
@article{viola2004robust,
  title={Robust real-time face detection},
  author={Viola, Paul and Jones, Michael J},
  journal={International journal of computer vision},
  volume={57},
  pages={137--154},
  year={2004},
  publisher={Springer}
}
@inproceedings{yan2014fastest,
  title={The fastest deformable part model for object detection},
  author={Yan, Junjie and Lei, Zhen and Wen, Longyin and Li, Stan Z},
  booktitle={Proceedings of the IEEE conference on computer vision and pattern recognition},
  pages={2497--2504},
  year={2014}
}
@inproceedings{zitnick2014edge,
  title={Edge boxes: Locating object proposals from edges},
  author={Zitnick, C Lawrence and Doll{\'a}r, Piotr},
  booktitle={Computer Vision--ECCV 2014: 13th European Conference, Zurich, Switzerland, September 6-12, 2014, Proceedings, Part V 13},
  pages={391--405},
  year={2014},
  organization={Springer}
}