@article{fang1999computer,
  title={Computer gesture input and its application in human computer interaction},
  author={Fang, Z},
  journal={MINIMICRO SYSTEMS-SHENYANG-},
  volume={20},
  pages={418--421},
  year={1999},
  publisher={GAI-KAN BIAJIBU}
}
@article{mitra2007gesture,
  title={Gesture recognition: A survey},
  author={Mitra, Sushmita and Acharya, Tinku},
  journal={IEEE Transactions on Systems, Man, and Cybernetics, Part C (Applications and Reviews)},
  volume={37},
  number={3},
  pages={311--324},
  year={2007},
  publisher={IEEE}
}
@inproceedings{ahuja2015static,
  title={Static vision based Hand Gesture recognition using principal component analysis},
  author={Ahuja, Mandeep Kaur and Singh, Amardeep},
  booktitle={2015 IEEE 3rd International Conference on MOOCs, Innovation and Technology in Education (MITE)},
  pages={402--406},
  year={2015},
  organization={IEEE}
}
@inproceedings{kramer2011soft,
  title={Soft curvature sensors for joint angle proprioception},
  author={Kramer, Rebecca K and Majidi, Carmel and Sahai, Ranjana and Wood, Robert J},
  booktitle={2011 IEEE/RSJ International Conference on Intelligent Robots and Systems},
  pages={1919--1926},
  year={2011},
  organization={IEEE}
}
@article{murthy2009review,
  title={A review of vision based hand gestures recognition},
  author={Murthy, GRS and Jadon, RS},
  journal={International Journal of Information Technology and Knowledge Management},
  volume={2},
  number={2},
  pages={405--410},
  year={2009}
}
@article{pansare2012real,
  title={Real-time static hand gesture recognition for American Sign Language (ASL) in complex background},
  author={Pansare, Jayashree R and Gawande, Shravan H and Ingle, Maya},
  year={2012},
  publisher={Scientific Research Publishing}
}
@inproceedings{van2011real,
  title={Real-time 3D hand gesture interaction with a robot for understanding directions from humans},
  author={Van den Bergh, Michael and Carton, Daniel and De Nijs, Roderick and Mitsou, Nikos and Landsiedel, Christian and Kuehnlenz, Kolja and Wollherr, Dirk and Van Gool, Luc and Buss, Martin},
  booktitle={2011 Ro-Man},
  pages={357--362},
  year={2011},
  organization={IEEE}
}
@inproceedings{desai2017human,
  title={Human Computer Interaction through hand gestures for home automation using Microsoft Kinect},
  author={Desai, Smit and Desai, Apurva},
  booktitle={Proceedings of International Conference on Communication and Networks: ComNet 2016},
  pages={19--29},
  year={2017},
  organization={Springer}
}
@inproceedings{kaur2016review,
  title={A review: Study of various techniques of Hand gesture recognition},
  author={Kaur, Harpreet and Rani, Jyoti},
  booktitle={2016 IEEE 1st international conference on power electronics, intelligent control and energy systems (ICPEICES)},
  pages={1--5},
  year={2016},
  organization={IEEE}
}
